
@online{positpbcCreatingBook2024,
	title = {Creating a Book},
	url = {https://quarto.org/docs/books/},
	titleaddon = {Quarto},
	author = {{Posit PBC}},
	urldate = {2025-01-11},
	date = {2024-07-01},
	langid = {english},
}

@article{little2021,
	title = {Missing Data Assumptions},
	author = {Little, Roderick J.},
	year = {2021},
	month = {03},
	date = {2021-03-07},
	journal = {Annual Review of Statistics and Its Application},
	pages = {89--107},
	volume = {8},
	number = {1},
	doi = {10.1146/annurev-statistics-040720-031104},
	url = {https://www.annualreviews.org/doi/10.1146/annurev-statistics-040720-031104},
	langid = {en}
}

@misc{vanbuurenMiceMultivariateImputation2006,
	title = {mice: Multivariate Imputation by Chained Equations},
	author = {Van Buuren, Stef and Groothuis-Oudshoorn, Karin},
	doi = {10.32614/CRAN.package.mice},
	langid = {en}
}
